@article{diekmann1990definition,
  title={On the definition and the computation of the basic reproduction ratio {$\mathcal{R}_0$} in models for infectious diseases in heterogeneous populations},
  author={Diekmann, Odo and Heesterbeek, Johan Andre Peter and Metz, Johan AJ},
  journal={Journal of mathematical biology},
  volume={28},
  number={4},
  pages={365--382},
  year={1990},
  publisher={Springer}
}

@book{anderson1991infectious,
  title={Infectious diseases of humans: dynamics and control},
  author={Anderson, Roy M and May, Robert M},
  year={1991},
  publisher={Oxford university press}
}

@article{fraser2007estimating,
  title={Estimating individual and household reproduction numbers in an emerging epidemic},
  author={Fraser, Christophe},
  journal={PloS one},
  volume={2},
  number={8},
  pages={e758},
  year={2007},
  publisher={Public Library of Science}
}

@article{wallinga2004different,
  title={Different epidemic curves for severe acute respiratory syndrome reveal similar impacts of control measures},
  author={Wallinga, Jacco and Teunis, Peter},
  journal={American Journal of epidemiology},
  volume={160},
  number={6},
  pages={509--516},
  year={2004},
  publisher={Oxford University Press}
}

@article{cori2013new,
  title={A new framework and software to estimate time-varying reproduction numbers during epidemics},
  author={Cori, Anne and Ferguson, Neil M and Fraser, Christophe and Cauchemez, Simon},
  journal={American journal of epidemiology},
  volume={178},
  number={9},
  pages={1505--1512},
  year={2013},
  publisher={Oxford University Press}
}

@article{gostic2020practical,
  title={Practical considerations for measuring the effective reproductive number, {$R_t$}},
  author={Gostic, Katelyn M and McGough, Lauren and Baskerville, Edward B and Abbott, Sam and Joshi, Keya and Tedijanto, Christine and Kahn, Rebecca and Niehus, Rene and Hay, James A and De Salazar, Pablo M and others},
  journal={PLoS computational biology},
  volume={16},
  number={12},
  pages={e1008409},
  year={2020},
  publisher={Public Library of Science San Francisco, CA USA}
}

@article{pan2020association,
  title={{Association of public health interventions with the epidemiology of the COVID-19 outbreak in Wuhan, China}},
  author={Pan, An and Liu, Li and Wang, Chaolong and Guo, Huan and Hao, Xingjie and Wang, Qi and Huang, Jiao and He, Na and Yu, Hongjie and Lin, Xihong and others},
  journal={Jama},
  volume={323},
  number={19},
  pages={1915--1923},
  year={2020},
  publisher={American Medical Association}
}

@article{flaxman2020estimating,
  title={Estimating the effects of non-pharmaceutical interventions on {COVID-19} in Europe},
  author={Flaxman, Seth and Mishra, Swapnil and Gandy, Axel and Unwin, H Juliette T and Mellan, Thomas A and Coupland, Helen and Whittaker, Charles and Zhu, Harrison and Berah, Tresnia and Eaton, Jeffrey W and others},
  journal={Nature},
  volume={584},
  number={7820},
  pages={257--261},
  year={2020},
  publisher={Nature Publishing Group}
}

@article{champredon2015intrinsic,
  title={Intrinsic and realized generation intervals in infectious-disease transmission},
  author={Champredon, David and Dushoff, Jonathan},
  journal={Proceedings of the Royal Society B: Biological Sciences},
  volume={282},
  number={1821},
  pages={20152026},
  year={2015},
  publisher={The Royal Society}
}

@article{kenah2008generation,
  title={Generation interval contraction and epidemic data analysis},
  author={Kenah, Eben and Lipsitch, Marc and Robins, James M},
  journal={Mathematical biosciences},
  volume={213},
  number={1},
  pages={71--79},
  year={2008},
  publisher={Elsevier}
}

@article{nishiura2010time,
  title={Time variations in the generation time of an infectious disease: implications for sampling to appropriately quantify transmission potential},
  author={Nishiura, Hiroshi},
  journal={Mathematical Biosciences \& Engineering},
  volume={7},
  number={4},
  pages={851},
  year={2010},
  publisher={American Institute of Mathematical Sciences}
}

@article{park2020inferring,
  title={Inferring generation-interval distributions from contact-tracing data},
  author={Park, Sang Woo and Champredon, David and Dushoff, Jonathan},
  journal={Journal of the Royal Society Interface},
  volume={17},
  number={167},
  pages={20190719},
  year={2020},
  publisher={The Royal Society}
}

@article{park2020forward,
  title={Forward-looking serial intervals correctly link epidemic growth to reproduction numbers},
  author={Park, Sang Woo and Sun, Kaiyuan and Champredon, David and Li, Michael and Bolker, Benjamin M and Earn, David JD and Weitz, Joshua S and Grenfell, Bryan T and Dushoff, Jonathan},
  journal={Proceedings of the National Academy of Sciences},
  volume={118},
  number={2},
  year={2020},
  publisher={National Acad Sciences}
}

@article{liu2018measurability,
  title={Measurability of the epidemic reproduction number in data-driven contact networks},
  author={Liu, Quan-Hui and Ajelli, Marco and Aleta, Alberto and Merler, Stefano and Moreno, Yamir and Vespignani, Alessandro},
  journal={Proceedings of the National Academy of Sciences},
  volume={115},
  number={50},
  pages={12680--12685},
  year={2018},
  publisher={National Acad Sciences}
}

@article{ali2020serial,
  title={Serial interval of {SARS-CoV-2} was shortened over time by nonpharmaceutical interventions},
  author={Ali, Sheikh Taslim and Wang, Lin and Lau, Eric HY and Xu, Xiao-Ke and Du, Zhanwei and Wu, Ye and Leung, Gabriel M and Cowling, Benjamin J},
  journal={Science},
  volume={369},
  number={6507},
  pages={1106--1109},
  year={2020},
  publisher={American Association for the Advancement of Science}
}
